<?xml version="1.0" encoding="UTF-8"?>
<record xmlns="http://www.loc.gov/MARC21/slim">
   <leader>01869cam a2200385 a 4500</leader>
   <controlfield tag="001">984368</controlfield>
   <controlfield tag="003">NjP</controlfield>
   <controlfield tag="005">20190705142842.0</controlfield>
   <controlfield tag="008">950623s1988    ir h     b    000 0bara d</controlfield>
   <datafield tag="024" ind1="7" ind2=" ">
      <subfield code="a">princeton_aco003799</subfield>
      <subfield code="2">local</subfield>
   </datafield>
   <datafield ind1=" " ind2=" " tag="040">
      <subfield code="a">NjP</subfield>
      <subfield code="c">PUL</subfield>
      <subfield code="d">PUL</subfield>
   </datafield>
   <datafield ind1=" " ind2=" " tag="035">
      <subfield code="a">(CStRLIN)NJPG95-B39236</subfield>
   </datafield>
   <datafield ind1=" " ind2=" " tag="035">
      <subfield code="9">CBV2696TS</subfield>
   </datafield>
   <datafield ind1=" " ind2=" " tag="035">
      <subfield code="a">(NjP)984368</subfield>
   </datafield>
   <datafield ind1=" " ind2=" " tag="049">
      <subfield code="a">PULL</subfield>
   </datafield>
   <datafield ind1=" " ind2=" " tag="035">
      <subfield code="a">(OCoLC)ocm32861584</subfield>
   </datafield>
   <datafield ind1="1" ind2=" " tag="100">
      <subfield code="6">880-01</subfield>
      <subfield code="a">ʻUṣfūr, Muḥsin.</subfield>
   </datafield>
   <datafield ind1="1" ind2="3" tag="245">
      <subfield code="6">880-02</subfield>
      <subfield code="a">al-Muqaddimah al-fākhirah li-Kitāb al-Ḥadʼ̄iq al-nāḍirah :</subfield>
      <subfield code="b">fī aḥkām al-ʻitrah al-ṭāhirah /</subfield>
      <subfield code="c">taʼlīf Muḥsin Āl ʻUṣfūr.</subfield>
   </datafield>
   <datafield ind1=" " ind2=" " tag="260">
      <subfield code="6">880-03</subfield>
      <subfield code="a">[Qum] :</subfield>
      <subfield code="b">Dār Iḥyāʼ al-Aḥyāʼ,</subfield>
      <subfield code="c">1409 [1988 or 1989]</subfield>
   </datafield>
   <datafield ind1=" " ind2=" " tag="300">
      <subfield code="a">429 p. :</subfield>
      <subfield code="b">facsims. ;</subfield>
      <subfield code="c">24 cm.</subfield>
   </datafield>
   <datafield ind1=" " ind2=" " tag="504">
      <subfield code="a">Includes bibliographical references.</subfield>
   </datafield>
   <datafield ind1="1" ind2="0" tag="600">
      <subfield code="6">880-04</subfield>
      <subfield code="a">Baḥrānī, Yūsuf,</subfield>
      <subfield code="d">-1772?</subfield>
      <subfield code="0">http://id.loc.gov/authorities/names/n88674539</subfield>
   </datafield>
   <datafield ind1="1" ind2="0" tag="600">
      <subfield code="6">880-05</subfield>
      <subfield code="a">Baḥrānī, Yūsuf,</subfield>
      <subfield code="d">-1772?.</subfield>
      <subfield code="t">Ḥadāʼiq al-nāḍirah.</subfield>
   </datafield>
   <datafield ind1=" " ind2="0" tag="650">
      <subfield code="a">Scholars, Muslim</subfield>
      <subfield code="x">Biography.</subfield>
   </datafield>
   <datafield ind1="1" ind2="2" tag="700">
      <subfield code="6">880-06</subfield>
      <subfield code="a">Baḥrānī, Yūsuf,</subfield>
      <subfield code="d">-1772?.</subfield>
      <subfield code="t">Ḥadāʼiq al-nāḍirah.</subfield>
      <subfield code="0">http://id.loc.gov/authorities/names/n88674539</subfield>
   </datafield>
   <datafield ind1="1" ind2=" " tag="880">
      <subfield code="6">100-01/r</subfield>
      <subfield code="a">عصفور، محسن.</subfield>
   </datafield>
   <datafield ind1="1" ind2="2" tag="880">
      <subfield code="6">245-02/r</subfield>
      <subfield code="a">المقدمة الفاخرة لكتاب الحدئق الناضرة :</subfield>
      <subfield code="b">في احكام العترة الطاهرة /</subfield>
      <subfield code="c">تأليف محسن آل عصفور.</subfield>
   </datafield>
   <datafield ind1=" " ind2=" " tag="880">
      <subfield code="6">260-03/r</subfield>
      <subfield code="a">[قم] :</subfield>
      <subfield code="b">دار احياء الاحياء،</subfield>
      <subfield code="c">1409 [1988 or 1989]</subfield>
   </datafield>
   <datafield ind1="1" ind2="4" tag="880">
      <subfield code="6">600-04/r</subfield>
      <subfield code="a">بحراني، يوسف،</subfield>
      <subfield code="d">-1772?</subfield>
   </datafield>
   <datafield ind1="1" ind2="4" tag="880">
      <subfield code="6">600-05/r</subfield>
      <subfield code="a">بحراني، يوسف،</subfield>
      <subfield code="d">-1772?.</subfield>
      <subfield code="t">حدائق الناضرة.</subfield>
   </datafield>
   <datafield ind1="1" ind2="2" tag="880">
      <subfield code="6">700-06/r</subfield>
      <subfield code="a">بحراني، يوسف،</subfield>
      <subfield code="d">-1772?.</subfield>
      <subfield code="t">حدائق الناضرة.</subfield>
   </datafield>
   <datafield ind1=" " ind2=" " tag="998">
      <subfield code="a">07/11/95</subfield>
      <subfield code="s">9114</subfield>
      <subfield code="n">NjP</subfield>
      <subfield code="w">NJPG95B39236</subfield>
      <subfield code="d">06/23/95</subfield>
      <subfield code="c">AAH</subfield>
      <subfield code="b">AAH</subfield>
      <subfield code="i">950711</subfield>
      <subfield code="l">NJPG</subfield>
   </datafield>
   <datafield ind1=" " ind2=" " tag="911">
      <subfield code="a">19950720</subfield>
   </datafield>
   <datafield ind1=" " ind2=" " tag="912">
      <subfield code="a">19950711000000.0</subfield>
   </datafield>
   <datafield ind1=" " ind2=" " tag="994">
      <subfield code="a">C0</subfield>
      <subfield code="b">PUL</subfield>
   </datafield>
   <datafield ind1=" " ind2=" " tag="999">
      <subfield code="a">984368</subfield>
   </datafield>
   <datafield ind1=" " ind2=" " tag="979">
      <subfield code="a">(OCoLC)ocn176572628</subfield>
   </datafield>
   <datafield ind1="0" ind2="0" tag="852">
      <subfield code="0">1134155</subfield>
      <subfield code="b">rcppa</subfield>
      <subfield code="t">1</subfield>
      <subfield code="h">BP161.2</subfield>
      <subfield code="i">.U848 1988</subfield>
      <subfield code="x">tr fr nec</subfield>
   </datafield>
   <datafield ind1=" " ind2=" " tag="959">
      <subfield code="a">2000-06-13 00:00:00 -0400</subfield>
   </datafield>
</record>
